@PhdThesis{ebert2016computerbeweise,
  title={Computerbeweise und ihr Einfluss auf die Philosophie der Mathematik},
  author={Ebert, Ulla Britta},
  school = 	 {Karlsruher Institut f\"ur Technologie},
  year=2016
}


@misc{cuevas2015provone,
title={ProvONE: A PROV extension data model for scientific workflow provenance},
author={Víctor Cuevas-Vicenttín and Bertram Ludäscher and Paolo
                  Missier and Khalid Belhajjame and Fernando Chirigati
                  and Yaxing Wei and Saumen Dey and Parisa Kianmajd
                  and David Koop and Shawn Bowers and Ilkay Altintas
                  and Christopher Jones and Matthew B. Jones and
                  Lauren Walker and Peter Slaughter and Ben Leinfelder
                  and Yang Cao},
year=2015,
publisher={DataONE Project},
note = {\url{https://purl.dataone.org/provone-v1-dev}}
}


@inproceedings{cao_dataone:_2016,
	series = {Lecture {Notes} in {Computer} {Science}},
	title = {{DataONE}: {A} {Data} {Federation} with {Provenance} {Support}},
	isbn = {978-3-319-40592-6 978-3-319-40593-3},
	shorttitle = {{DataONE}},
	url = {https://link.springer.com/chapter/10.1007/978-3-319-40593-3_28},
	doi = {10.1007/978-3-319-40593-3_28},
	abstract = {DataONE is a federated data network focusing on earth and environmental science data. We present the provenance and search features of DataONE by means of an example involving three earth scientists who interact through a DataONE Member Node. DataONE provenance systems enable reproducible research and facilitate proper attribution of scientific results transitively across generations of derived data products.},
	language = {en},
	urldate = {2018-02-18},
	booktitle = {Provenance and {Annotation} of {Data} and {Processes}},
	publisher = {Springer, Cham},
	author = {Cao, Yang and Jones, Christopher and Cuevas-Vicenttín, Víctor and Jones, Matthew B. and Ludäscher, Bertram and McPhillips, Timothy and Missier, Paolo and Schwalm, Christopher and Slaughter, Peter and Vieglais, Dave and Walker, Lauren and Wei, Yaxing},
	month = jun,
	year = {2016},
	pages = {230--234},
}


@Misc{little06,
  author = 	 {Barbara J. Little},
  title = {\href{http://www.saa.org/ForthePublic/Resources/OtherUsefulResources/Whyaretheretwodifferentspellingsarchaeology/tabid/1078/Default.aspx}{Why are there two different spellings: archaeology and archeology?}}, 
  howpublished = {The Society for American Archaeology (SAA)},
  year = 	 2006,
  note = 	 {Retrieved 2018-02-18}}

@article{bocinsky2014000year,
  title = {A 2,000-Year Reconstruction of the Rain-Fed Maize Agricultural Niche in the {{US Southwest}}},
  volume = {5},
  issn = {2041-1723},
  doi = {10.1038/ncomms6618},
  abstract = {Palaeoclimate research often focuses on continental, hemispheric and global scales, neglecting the local-scale changes of most importance to human adaptation. Here, the authors propose a new tree-ring-based methodology, capable of producing high-frequency, highly local climate-field reconstructions.},
  timestamp = {2017-05-21T22:53:27Z},
  langid = {english},
  journal = {Nature Communications},
  author = {Bocinsky, R. Kyle and Kohler, Timothy A.},
  urldate = {2016-11-16},
  date = {2014-12-04},
  year = 2014,
}

@inproceedings{mcphillips2015retrospective,
  title={\href{https://www.usenix.org/system/files/tapp15-mcphillips.pdf}{Retrospective provenance without a runtime provenance recorder}},
  author={McPhillips, Timothy and Bowers, Shawn and Belhajjame, Khalid and Lud{\"a}scher, Bertram},
  booktitle={Proceedings of the 7th USENIX Conference on Theory and Practice of Provenance},
  year={2015},
  organization={USENIX Association}
}

@inproceedings{pimentel2016yin,
  title={Yin \& Yang: demonstrating complementary provenance from noWorkflow \& YesWorkflow},
  author={Pimentel, Jo{\~a}o Felipe and Dey, Saumen and McPhillips, Timothy and Belhajjame, Khalid and Koop, David and Murta, Leonardo and Braganholo, Vanessa and Lud{\"a}scher, Bertram},
  booktitle={International Provenance and Annotation Workshop},
  pages={161--165},
  year={2016},
  organization={Springer}
}

@InProceedings{zhang17revealing,
  title={Revealing the Detailed Lineage of Script Outputs using Hybrid Provenance},
  author={Zhang, Qian and Cao, Yang and Wang, Qiwen and Vu, Duc and Thavasimani, Priyaa and McPhillips, Timothy and Missier, Paolo and Slaughter, Peter and Jones, Christopher and Jones, Matthew B and Lud\"ascher, Bertram},
  booktitle = {12th International Digital Curation Conference},
  year = 	 2017,
  address = 	 {Edinburgh, Scotland},
  note = 	 {to appear in International Journal of Digital Curation (IJDC)}
}

@techreport{marwick2017packaging,
	title = {Packaging data analytical work reproducibly using {R} (and friends)},
	url = {https://peerj.com/preprints/3192},
	language = {en},
	number = {e3192v1},
	urldate = {2017-09-16},
	institution = {PeerJ Preprints},
	author = {Marwick, Ben and Boettiger, Carl and Mullen, Lincoln},
	month = aug,
	year = {2017},
	note = {\url{https://peerj.com/preprints/3192/}}
}

@Misc{bocinsky17provathon,
  author = 	 {Kyle Bocinsky and Amber Budden  and Matt Jones and Bertram Lud\"ascher and Dave Vieglais},
  title = 	 {Prov-a-thon: Practical Tools for Reproducible Science},
  howpublished = {\url{https://github.com/DataONEorg/provathon-2017}},
  year = 	 2017
}

@article{freire2016reproducibility,
	title = {Reproducibility of {Data}-{Oriented} {Experiments} in e-{Science} ({Dagstuhl} {Seminar} 16041)},
	volume = {6},
	issn = {2192-5283},
	urlno = {http://drops.dagstuhl.de/opus/volltexte/2016/5817},
	doi = {10.4230/DagRep.6.1.108},
	number = {1},
	urldate = {2017-01-04},
	journal = {Dagstuhl Reports},
	author = {Freire, Juliana and Fuhr, Norbert and Rauber, Andreas},
	editor = {Freire, Juliana and Fuhr, Norbert and Rauber, Andreas},
	year = {2016},
	keywords = {Documentation, Reliability, Repeatibility, Replicability, reproducibility, Software},
	pages = {108--159},
}

@article {Stodden1240,
	author = {Stodden, Victoria and McNutt, Marcia and Bailey, David H. and Deelman, Ewa and Gil, Yolanda and Hanson, Brooks and Heroux, Michael A. and Ioannidis, John P.A. and Taufer, Michela},
	title = {Enhancing reproducibility for computational methods},
	volume = {354},
	number = {6317},
	pages = {1240--1241},
	year = {2016},
	doi = {10.1126/science.aah6168},
	publisher = {American Association for the Advancement of Science},
	issn = {0036-8075},
	asdURL = {http://science.sciencemag.org/content/354/6317/1240},
	adseprint = {http://science.sciencemag.org/content/354/6317/1240.full.pdf},
	journal = {Science}
}

@article{donoho_reproducible_2009,
	title = {Reproducible {Research} in {Computational} {Harmonic} {Analysis}},
	volume = {11},
	issn = {1521-9615},
	number = {1},
	journal = {Computing in Science and Engineering},
	author = {Donoho, David L. and Maleki, Arian and Rahman, Inam Ur and Shahram, Morteza and Stodden, Victoria},
	year = {2009},
	keywords = {computational science, reproducible research, scientific computing, scientific publication},
	pages = {8--18}
}


@article{stodden_enabling_2009,
	title = {Enabling reproducible research: {Licensing} for scientific innovation},
	volume = {13},
	shorttitle = {Enabling reproducible research},
	url = {http://heinonlinebackup.com/hol-cgi-bin/get_pdf.cgi?handle=hein.journals/ijclp13&section=3},
	urldate = {2014-06-29},
	journal = {Int'l J. Comm. L. \& Pol'y},
	author = {Stodden, Victoria},
	year = {2009},
	pages = {1}
}

@book{stodden_implementing_2014,
	title = {Implementing {Reproducible} {Research}},
	isbn = {9781466561595},
	language = {en},
	publisher = {CRC Press},
	author = {Stodden, Victoria and Leisch, Friedrich and Peng, Roger D.},
	month = apr,
	year = {2014},
	keywords = {Computers / Mathematical \& Statistical Software, Mathematics / Probability \& Statistics / General, Science / Life Sciences / Biology}
}

@misc{stodden_resolving_2013,
	title = {Resolving {Irreproducibility} in {Empirical} and {Computational} {Research} « {IMS} {Bulletin}},
	url = {http://bulletin.imstat.org/2013/11/resolving-irreproducibility-in-empirical-and-computational-research/},
	urldate = {2014-06-26},
	journal = {IMS Bulletin},
	author = {Stodden, Victoria},
	month = nov,
	year = {2013}
}

@article{stodden_legal_2009,
	title = {The legal framework for reproducible scientific research: {Licensing} and copyright},
	volume = {11},
	shorttitle = {The legal framework for reproducible scientific research},
	asdurl = {http://scitation.aip.org/content/aip/journal/cise/11/1/10.1109/MCSE.2009.19},
	number = {1},
	urldate = {2014-05-28},
	journal = {Computing in Science \& Engineering},
	author = {Stodden, Victoria},
	year = {2009},
	pages = {35--40}
}

@article{stodden_setting_2013,
	title = {Setting the default to reproducible},
	volume = {46},
	asdurl = {http://stodden.net/icerm_report.pdf},
	urldate = {2014-05-28},
	journal = {computational science research. SIAM News},
	author = {Stodden, V. and Borwein, J. and Bailey, D. H.},
	year = {2013},
	pages = {4--6}
}


@article{stodden_reproducible_2010,
	title = {Reproducible research: {Addressing} the need for data and code sharing in computational science},
	volume = {12},
	shorttitle = {Reproducible research},
	asdurl = {http://academiccommons.columbia.edu/download/fedora_content/download/ac:140125/CONTENT/05562471.pdf},
	number = {5},
	urldate = {2013-05-23},
	journal = {Computing in Science \& Engineering},
	author = {Stodden, Victoria C.},
	year = {2010},
	pages = {8--12}
}

@techreport{stodden_setting_2012,
	title = {Setting the {Default} to {Reproducible}. {Reproducibility} in {Computational} and {Experimental} {Mathematics}},
    note = {\url{http://icerm.brown.edu/tw12-5-rcem}, last accessed, March 2017},
	author = {Stodden, V. and Bailey, D. H. and Borwein, J. and LeVeque, R. J. and Rider, W. and Stein, W.},
	note = {Developed collaboratively by the ICERM workshop participants. Compiled and edited by the Organizers}
}

@article {Nosek1422,
	author = {Nosek, B. A. and Alter, G. and Banks, G. C. and Borsboom, D. and Bowman, S. D. and Breckler, S. J. and Buck, S. and Chambers, C. D. and Chin, G. and Christensen, G. and Contestabile, M. and Dafoe, A. and Eich, E. and Freese, J. and Glennerster, R. and Goroff, D. and Green, D. P. and Hesse, B. and Humphreys, M. and Ishiyama, J. and Karlan, D. and Kraut, A. and Lupia, A. and Mabry, P. and Madon, T. and Malhotra, N. and Mayo-Wilson, E. and McNutt, M. and Miguel, E. and Paluck, E. Levy and Simonsohn, U. and Soderberg, C. and Spellman, B. A. and Turitto, J. and VandenBos, G. and Vazire, S. and Wagenmakers, E. J. and Wilson, R. and Yarkoni, T.},
	title = {Promoting an open research culture},
	volume = {348},
	number = {6242},
	pages = {1422--1425},
	year = {2015},
	doi = {10.1126/science.aab2374},
	publisher = {American Association for the Advancement of Science},
	issn = {0036-8075},
	asdURL = {http://science.sciencemag.org/content/348/6242/1422},
	asdeprint = {http://science.sciencemag.org/content/348/6242/1422.full.pdf},
	journal = {Science}
}


@article{kintigh2014granda,
  title = {Grand {{Challenges}} for {{Archaeology}}},
   journal = {American Antiquity},
  author = {Kintigh, Keith W. and Altschul, Jeffrey H. and Beaudry, Mary C. and Drennan, Robert D. and Kinzig, Ann P. and Kohler, Timothy A. and Limp, W. Fredrick and Maschner, Herbert D. G. and Michener, William K. and Pauketat, Timothy R. and Peregrine, Peter and Sabloff, Jeremy A. and Wilkinson, Tony J. and Wright, Henry T. and Zeder, Melinda A.},
  year = {2014}
}

@article{kintigh2015cultural,
  title = {Cultural {{Dynamics}}, {{Deep Time}}, and {{Data}}},
  volume = {3},
  number = {1},
  journal = {Advances in Archaeological Practice},
  author = {Kintigh, Keith W. and Altschul, Jeffrey H. and Kinzig, Ann P. and Limp, W. Fredrick and Michener, William K. and Sabloff, Jeremy A. and Hackett, Edward J. and Kohler, Timothy A. and Lud\"ascher, Bertram and Lynch, Clifford A.},
  year = {2015},
  pages = {1--15},
  note = {\url{https://doi.org/10.7183/2326-3768.3.1.1}}
}

@article{mcphillips_yesworkflow:_2015,
	title = {{YesWorkflow}: {A} {User}-{Oriented}, {Language}-{Independent} {Tool} for {Recovering} {Workflow} {Information} from {Scripts}},
	volume = {10},
	issn = {1746-8256},
	adsurl = {http://www.ijdc.net/index.php/ijdc/article/view/10.1.298},
	doi = {10.2218/ijdc.v10i1.370},
	note = {\url{https://doi.org/10.2218/ijdc.v10i1.370}},
	language = {en},
	number = {1},
	urldate = {2017-05-22},
	journal = {International Journal of Digital Curation},
	author = {McPhillips, Timothy and Song, Tianhong and Kolisnik, Tyler and Aulenbach, Steve and Belhajjame, Khalid and Bocinsky, R. Kyle and Cao, Yang and Cheney, James and Chirigati, Fernando and Dey, Saumen and Freire, Juliana and Jones, Christopher and Hanken, James and Kintigh, Keith W. and Kohler, Timothy A. and Koop, David and Macklin, James A. and Missier, Paolo and Schildhauer, Mark and Schwalm, Christopher and Wei, Yaxing and Bieda, Mark and Lud\"ascher, Bertram},
	month = may,
	year = {2015},
	pages = {298--313},
}

@misc{copdess,
  author={COPDESS},
  title = {Statement of Commitment from Earth and Space Science Publishers and Data Facilities},
  organization={Coalition for Publishing Data in the Earth and Space Sciences},
  year={2015},
  howpublished={\url{http://www.copdess.org/statement-of-commitment/}},
}

@article{ward16materials,
title = "A general-purpose machine learning framework for predicting properties of inorganic materials",
author = "Logan Ward and Ankit Agrawal and Alok Choudhary and Christopher Wolverton",
year = "2016",
doi = "10.1038/npjcompumats.2016.28",
journal = "npj Computational Materials",
volume="2"
}

@article{ansari2000internet,
  title={Internet recommendation systems},
  author={Ansari, Asim and Essegaier, Skander and Kohli, Rajeev},
  journal={Journal of Marketing research},
  volume={37},
  number={3},
  pages={363--375},
  year={2000},
  publisher={American Marketing Association}
}

@article {peng11reproducible,
	author = {Peng, Roger D.},
	title = {Reproducible Research in Computational Science},
	volume = {334},
	number = {6060},
	pages = {1226--1227},
	year = {2011},
	doi = {10.1126/science.1213847},
	publisher = {American Association for the Advancement of Science},
	issn = {0036-8075},
	asdURL = {http://science.sciencemag.org/content/334/6060/1226},
	asdeprint = {http://science.sciencemag.org/content/334/6060/1226.full.pdf},
	journal = {Science}
}

@article{DBLP:journals/corr/JamesWS14,
  author    = {Doug James and
               Nancy Wilkins{-}Diehr and
               Victoria Stodden and
               Dirk Colbry and
               Carlos Rosales and
               Mark R. Fahey and
               Justin Shi and
               Rafael Ferreira da Silva and
               Kyo Lee and
               Ralph Roskies and
               Laurence Loewe and
               Susan Lindsey and
               Rob Kooper and
               Lorena Barba and
               David H. Bailey and
               Jonathan M. Borwein and
               {\'{O}}scar Corcho and
               Ewa Deelman and
               Michael C. Dietze and
               Benjamin Gilbert and
               Jan Harkes and
               Seth Keele and
               Praveen Kumar and
               Jong Lee and
               Erika Linke and
               Richard Marciano and
               Luigi Marini and
               Chris Mattmann and
               Dave Mattson and
               Kenton McHenry and
               Robert T. McLay and
               Sheila Miguez and
               Barbara S. Minsker and
               Mar{\'{\i}}a S. P{\'{e}}rez{-}Hern{\'{a}}ndez and
               Dan Ryan and
               Mats Rynge and
               Idafen Santana P{\'{e}}rez and
               Mahadev Satyanarayanan and
               Gloriana St. Clair and
               Keith Webster and
               Eivind Hovig and
               Daniel S. Katz and
               Sophie Kay and
               Geir Kjetil Sandve and
               David Skinner and
               Gabrielle Allen and
               John Cazes and
               Kym Won Cho and
               Jim Fonseca and
               Lorraine Hwang and
               Lars Koesterke and
               Pragnesh Patel and
               Line Pouchard and
               Edward Seidel and
               Isuru Suriarachchi},
  title     = {Standing Together for Reproducibility in Large-Scale Computing: Report
               on reproducibility@XSEDE},
  journal   = {CoRR},
  volume    = {abs/1412.5557},
  year      = {2014},
  asdurl       = {http://arxiv.org/abs/1412.5557},
  timestamp = {Sun, 04 Sep 2016 11:55:16 +0200},
  biburl    = {http://dblp.uni-trier.de/rec/bib/journals/corr/JamesWS14},
  bibsource = {dblp computer science bibliography, http://dblp.org}
}


@INPROCEEDINGS{10.1109/ICCV.2013.101, 
author={A. Gilinsky and L. Z. Manor}, 
booktitle={2013 IEEE International Conference on Computer Vision}, 
title={SIFTpack: A Compact Representation for Efficient SIFT Matching}, 
year={2013}, 
pages={777-784}, 
doi={10.1109/ICCV.2013.101}, 
ISSN={1550-5499}, 
month={Dec},}
}

@ARTICLE{5872076, 
author={L. Zelnik-Manor and K. Rosenblum and Y. C. Eldar}, 
journal={IEEE Transactions on Signal Processing}, 
title={Sensing Matrix Optimization for Block-Sparse Decoding}, 
year={2011}, 
volume={59}, 
number={9}, 
pages={4300-4312}, 
keywords={block codes;decoding;matrix algebra;optimisation;signal reconstruction;block-sparse approximation;block-sparse decoding;compressed sensing;dictionary;interblock coherence;reconstruction error;sensing matrix design;sensing matrix optimization;signal classification;signal reconstruction;subblock coherence;Algorithm design and analysis;Approximation methods;Coherence;Dictionaries;Minimization;Sensors;Sparse matrices;Block-sparsity;compressed sensing;sensing matrix design}, 
doi={10.1109/TSP.2011.2159211}, 
ISSN={1053-587X}, 
month={Sept},
urlno = {http://ieeexplore.ieee.org/document/5872076/algorithms},
}

@ARTICLE{kratz14datapub, 
  author = {Kratz, J and Strasser, C},
  title = {Data publication consensus and controversies},
  journal = {F1000Research},
  year = {2014},
  volume = {3},
  number = {94},
  doi = {10.12688/f1000research.3979.3}
}

@ARTICLE{candela15datajournals,
  author = {Candela, Leonardo and Castelli, Donatella and Manghi, Paolo and Tani,
	Alice},
  title = {Data journals: A survey},
  journal = {Journal of the Association for Information Science and Technology},
  year = {2015},
  doi = {10.1002/asi.23358},
  issn = {2330-1643},
  keywords = {publications, alternative publications, data}
} 

@ARTICLE{alsheikh11public,
  author = {Alawi A. Alsheikh-Ali and Waqas Quresh and Mouaz H. Al-Mallah and
	John P.A. Ioannidis},
  title = {Public Availability of Published Research Data in High-Impact Journals},
  journal = {PLoS ONE},
  year = {2011},
  volume = {6},
  pages = {e24357},
  number = {9},
  owner = {kyle},
  timestamp = {2014.07.27}
}

@ARTICLE{views14decline,
  author = {Timothy H. Vines and ArianneY.K. Albert and RoseL. Andrew and Florence
	Debarre and DanG. Bock and MichelleT. Franklin and KimberlyJ.
	Gilbert and Jean-Sebastien Moore and Sebastien Renaut and DianaJ.
	Rennison},
  title = {The Availability of Research Data Declines Rapidly with Article Age},
  journal = {Current Biology},
  year = {2014},
  volume = {24},
  pages = {94--97},
  number = {1},
  booktitle = {Current Biology},
  asdcomment = {doi: 10.1016/j.cub.2013.11.014},
  doi = {10.1016/j.cub.2013.11.014},
  owner = {kyle},
  publisher = {Elsevier},
  timestamp = {2014.07.27}
}


@article{dataverse,
	author =    {Mercè Crosas},
  title =     {The Dataverse Network®: An Open-Source Application for Sharing, Discovering and Preserving Data},
	journal =   {D-Lib Magazine},
  year =      {2011},
  volume =    {17},
  number =    {1/2}
}

@Misc{figshare,
  title =        {{Figshare}},
  howpublished = {\url{http://figshare.com}},
  note =         {Web site. Accessed: May, 2017}, 
	year = 				 {2017}
}

@InProceedings{chard15publication,
  author =    {K. Chard and J. Pruyne and B. Blaiszik and R. Ananthakrishnan and S. Tuecke and I. Foster},
  title =     {Globus Data Publication as a Service: Lowering Barriers to Reproducible Science},
  booktitle = {Proceedings of the 11th IEEE International Conference on e-Science},
  year =      {2015},
  pages =     {401-410},
  month =     {Aug},
  doi =       {10.1109/eScience.2015.68},
  keywords =  {cloud computing;data handling;natural sciences computing;Globus data publication as a service;Globus research data management service;cloud storage;data curation workflows;reproducible science;scientific data;Databases;IEEE catalogs;Memory;Metadata;Publishing;User interfaces;Globus;data publication;research data management}
}


@InProceedings{dooley12agave,
  author =    {Rion Dooley and Matthew Vaughn and Dan Stanzione and Edwin Skidmore},
  title =     {Software-as-a-Service: The i{Plant Foundation API}},
  booktitle = {5th IEEE Workshop on Many-Task Computing on Grids and Supercomputers (MTAGS)},
  year =      {2012},
  owner =     {kyle},
  timestamp = {2015.02.25}
}

@INPROCEEDINGS{tuecke16auth, 
author={S. Tuecke and R. Ananthakrishnan and K. Chard and M. Lidman and B. McCollam and S. Rosen and I. Foster}, 
booktitle={12th IEEE International Conference on e-Science (e-Science)}, 
title={Globus auth: A research identity and access management platform}, 
year={2016}, 
pages={203-212}, 
keywords={Authentication;Authorization;Biological system modeling;Ecosystems;Servers;Standards}, 
doi={10.1109/eScience.2016.7870901}, 
month={Oct},}

@article {wilkins07gateways,
author = {Wilkins-Diehr, Nancy},
title = {Special Issue: Science Gateways—Common Community Interfaces to Grid Resources},
journal = {Concurrency and Computation: Practice and Experience},
volume = {19},
number = {6},
publisher = {John Wiley & Sons, Ltd.},
issn = {1532-0634},
asdurl = {http://dx.doi.org/10.1002/cpe.1098},
doi = {10.1002/cpe.1098},
pages = {743--749},
year = {2007},
}

@misc{oaipmh,
  author = {Lagoze, Carl and van de Sompel Herbert and Nelson, Michael and Warner, Simeon},
  title = {The Open Archives Initiative Protocol for Metadata Harvesting},
  howpublished ={\url{http://www.openarchives.org/OAI/openarchivesprotocol.html}},
  year = 2008
}




@article{jain13materialsproject,
author = {Anubhav Jain and Shyue Ping Ong and Geoffroy Hautier and Wei Chen and William Davidson Richards and Stephen Dacek and Shreyas Cholia and Dan Gunter and David Skinner and Gerbrand Ceder and Kristin A. Persson},
title = {Commentary: The Materials Project: A materials genome approach to accelerating materials innovation},
journal = {APL Materials},
volume = {1},
number = {1},
pages = {011002},
year = {2013},
doi = {10.1063/1.4812323},
asdURL = {http://dx.doi.org/10.1063/1.4812323},
asdeprint = { http://dx.doi.org/10.1063/1.4812323}
}

@Article{blaiszik16mdf,
author="Blaiszik, B. and Chard, K. and Pruyne, J. and Ananthakrishnan, R. and Tuecke, S. and Foster, I.",
title="The Materials Data Facility: Data Services to Advance Materials Science Research",
journal="JOM",
year="2016",
volume="68",
number="8",
pages="2045--2052",
issn="1543-1851",
doi="10.1007/s11837-016-2001-3",
adsurl="http://dx.doi.org/10.1007/s11837-016-2001-3"
}

@ARTICLE{omara16citrination,
   author = {{O'Mara}, J. and {Meredig}, B. and {Michel}, K.},
    title = "{Materials Data Infrastructure: A Case Study of the Citrination Platform to Examine Data Import, Storage, and Access}",
  journal = {JOM - Journal of the Minerals, Metals and Materials Society},
     year = 2016,
    month = aug,
   volume = 68,
   number = 8,
    pages = {2031-2034},
      doi = {10.1007/s11837-016-1984-0},
   adsurl = {http://adsabs.harvard.edu/abs/2016JOM....68h2031O},
  adsnote = {Provided by the SAO/NASA Astrophysics Data System}
}

@article {thygesen16nomad,
	author = {Thygesen, Kristian S. and Jacobsen, Karsten W.},
	title = {Making the most of materials computations},
	volume = {354},
	number = {6309},
	pages = {180--181},
	year = {2016},
	doi = {10.1126/science.aah4776},
	publisher = {American Association for the Advancement of Science},
	issn = {0036-8075},
	asdURL = {http://science.sciencemag.org/content/354/6309/180},
	asdeprint = {http://science.sciencemag.org/content/354/6309/180.full.pdf},
	journal = {Science}
}

@book{yip07handbook,
  title={Handbook of Materials Modeling},
  author={Yip, S.},
  isbn={9781402032868},
  lccn={2006483050},
  series={Handbook of Materials Modeling},
  year={2007},
  publisher={Springer Netherlands}
}

@book{council04accelerating,
  title={Accelerating Technology Transition: Bridging the Valley of Death for Materials and Processes in Defense Systems},
  author={{Committee on Accelerating Technology Transition} and {National Materials Advisory Board} and {Board on Manufacturing and Engineering Design} and {Division on Engineering and Physical Sciences} and {National Research Council of the National Academies}},
  isbn      = {978-0-309-09317-0"},
  doi       = {10.17226/11108},
  year={2004},
  publisher={National Academies Press}
}


@article {curtarolo13high,
	author = {Curtarolo, Stefano and Hart, Gus L. W. and Nardelli, Marco Buongiorno and Mingo, Natalio and Sanvito, Stefano and Levy, Ohad},
	title = {The high-throughput highway to computational materials design},
	volume = {12},
	number = {3},
	pages = {1476--1122},
	year = {2013},
	doi = {10.1038/nmat3568},
	publisher = {Nature Publishing Group},
	journal = {Nature Materials}
}

@article{hill16materials, 
title={Materials science with large-scale data and informatics: Unlocking new opportunities}, 
volume={41}, 
DOI={10.1557/mrs.2016.93}, 
number={5}, 
journal={MRS Bulletin}, 
publisher={Cambridge University Press}, 
author={Hill, Joanne and Mulholland, Gregory and Persson, Kristin and Seshadri, Ram and Wolverton, Chris and Meredig, Bryce}, 
year={2016}, 
pages={399–409}
}

@article{rajan05materials,
title = "Materials informatics ",
journal = "Materials Today ",
volume = "8",
number = "10",
pages = "38 - 45",
year = "2005",
note = "",
issn = "1369-7021",
doi = "10.1016/S1369-7021(05)71123-8",
asdurl = "http://www.sciencedirect.com/science/article/pii/S1369702105711238",
author = "Krishna Rajan"
}

@article{hall09weka,
 author = {Hall, Mark and Frank, Eibe and Holmes, Geoffrey and Pfahringer, Bernhard and Reutemann, Peter and Witten, Ian H.},
 title = {The WEKA Data Mining Software: An Update},
 journal = {SIGKDD Explor. Newsl.},
 issue_date = {June 2009},
 volume = {11},
 number = {1},
 month = nov,
 year = {2009},
 issn = {1931-0145},
 pages = {10--18},
 numpages = {9},
 asdurl = {http://doi.acm.org/10.1145/1656274.1656278},
 doi = {10.1145/1656274.1656278},
 acmid = {1656278},
 publisher = {ACM},
 address = {New York, NY, USA},
} 

@book{kawazoe97phase,
  title={Phase Diagrams and Physical Properties of Nonequilibrium Alloys · Nonequilibrium Phase Diagrams of Ternary Amorphous Alloys},
  editor={Y. Kawazoe and J.-Z. Yu and A.-P. Tsai and T. Masumoto},
  isbn={978-3-540-60507-2 },
  year={1997},
  publisher={Springer Berlin Heidelberg}
}

@INPROCEEDINGS{babuji16kotta, 
author={Y. N. Babuji and K. Chard and A. Gerow and E. Duede}, 
booktitle={Proceedings of the IEEE International Conference on Big Data (Big Data)}, 
title={Cloud Kotta: Enabling secure and scalable data analytics in the cloud}, 
year={2016}, 
pages={302-310}, 
doi={10.1109/BigData.2016.7840616}, 
month={Dec},
}

@INPROCEEDINGS{babuji16secure, 
author={Y. N. Babuji and K. Chard and A. Gerow and E. Duede}, 
booktitle={Proceedings of the 12th IEEE International Conference on e-Science (e-Science)}, 
title={A secure data enclave and analytics platform for social scientists}, 
year={2016}, 
pages={337-342}, 
keywords={Cloud computing;Computational modeling;Computer architecture;Data models;Databases;Production;Reliability}, 
doi={10.1109/eScience.2016.7870917}, 
month={Oct},}


@article{shen14notebooks,
 author = {Helen Shen},
 title = {Interactive notebooks: Sharing the code},
 journal = {Nature},
 issue_date = {Novemer 2014},
 volume = {515},
 number = {7525},
 year = {2014},
 pages = {151--152}
} 

@misc{girder,
title= {Girder},
Howpublished= {\url{https://girder.readthedocs.io/en/latest/}},
year= {2017}, 
note = {last accessed, March 2017}
}

@misc{jupyterhub,
title= {JupyterHub},
Howpublished = {\url{https://github.com/jupyterhub/jupyterhub}},
year = {2017}, 
note = {last accessed, March 2017}
}

@misc{tmpnb,
title= {tmpnb, the temporary notebook service},
Howpublished = {\url{https://github.com/jupyter/tmpnb}},
year = {2017}, 
note = {(See also: BinderHub project)}
}

@misc{binder,
title= {Binder},
Howpublished = {\url{http://mybinder.org//}},
year = {2017},
note = {last accessed, March 2017}
}

@misc{wolfram,
title= {Wolfram Data Repository},
key = {{Wolfram}},
howpublished = {\url{https://datarepository.wolframcloud.com/}},
year = 2017,
note = {last accessed, March 2017}
}

@INPROCEEDINGS{gesing15gateways, 
author={S. Gesing and R. Dooley and M. Pierce and J. Kr{\"u}ger and R. Grunzke and S. Herres-Pawlis and A. Hoffmann}, 
booktitle={International Conference on High Performance Computing Simulation (HPCS)}, 
title={Science gateways - leveraging modeling and simulations in HPC infrastructures via increased usability}, 
year={2015}, 
pages={19-26}, 
doi={10.1109/HPCSim.2015.7237017}, 
month={July},}

@ARTICLE{mclennan10hub,
author={M. McLennan and R. Kennell}, 
journal={Computing in Science Engineering}, 
title={HUBzero: A Platform for Dissemination and Collaboration in Computational Science and Engineering}, 
year={2010}, 
volume={12}, 
number={2}, 
pages={48-53}, 
doi={10.1109/MCSE.2010.41}, 
ISSN={1521-9615}, 
month={March},
}

@Article{goecks10galaxy,
author="Goecks, Jeremy and Nekrutenko, Anton and Taylor, James",
title="Galaxy: a comprehensive approach for supporting accessible, reproducible, and transparent computational research in the life sciences",
journal="Genome Biology",
year="2010",
volume="11",
number="8",
pages="R86",
issn="1474-760X",
doi="10.1186/gb-2010-11-8-r86",
asdurl="http://dx.doi.org/10.1186/gb-2010-11-8-r86"
}

@article{michener15dataone,
title = "Participatory design of {DataONE} -- Enabling cyberinfrastructure for the biological and environmental sciences ",
journal = "Ecological Informatics ",
volume = "11",
number = "",
pages = "5 - 15",
year = "2012",
note = "Data platforms in integrative biodiversity research ",
issn = "1574-9541",
doi = "10.1016/j.ecoinf.2011.08.007",
asdurl = "http://www.sciencedirect.com/science/article/pii/S1574954111000768",
author = "William K. Michener and Suzie Allard and Amber Budden and Robert B. Cook and Kimberly Douglass and Mike Frame and Steve Kelling and Rebecca Koskela and Carol Tenopir and David A. Vieglais",
}


@INPROCEEDINGS{altintas04kepler, 
author={I. Altintas and C. Berkley and E. Jaeger and M. Jones and B. Lud\"ascher and S. Mock}, 
booktitle={Proceedings. 16th International Conference on Scientific and Statistical Database Management, 2004.}, 
title={Kepler: an extensible system for design and execution of scientific workflows}, 
year={2004}, 
pages={423-424}, 
doi={10.1109/SSDM.2004.1311241}, 
ISSN={1099-3371}, 
month={June},}

@article{ludascher2006scientific,
  title={Scientific workflow management and the Kepler system},
  author={Lud{\"a}scher, Bertram and Altintas, Ilkay and Berkley, Chad and Higgins, Dan and Jaeger, Efrat and Jones, Matthew and Lee, Edward A and Tao, Jing and Zhao, Yang},
  journal={Concurrency and Computation: Practice and Experience},
  volume={18},
  number={10},
  pages={1039--1065},
  year={2006},
  publisher={Wiley Online Library}
}

@article {CPE:CPE994,
author = {Lud{\"a}scher, Bertram and Altintas, Ilkay and Berkley, Chad and Higgins, Dan and Jaeger, Efrat and Jones, Matthew and Lee, Edward A. and Tao, Jing and Zhao, Yang},
title = {Scientific workflow management and the Kepler system},
journal = {Concurrency and Computation: Practice and Experience},
volume = {18},
number = {10},
publisher = {John Wiley & Sons, Ltd.},
issn = {1532-0634},
note = {\url{http://dx.doi.org/10.1002/cpe.994}},
doi = {10.1002/cpe.994},
pages = {1039--1065},
keywords = {scientific workflows, Grid workflows, scientific data management, problem-solving environments, dataflow networks},
year = {2006},
}


@INPROCEEDINGS{SciServer,
   author = {{Raddick}, J. and {Medvedev}, D. and {Lemson}, G. and {Souter}, B.
	},
    title = "{SciServer Compute brings Analysis to Big Data in the Cloud}",
booktitle = {American Astronomical Society Meeting Abstracts},
     year = 2016,
   series = {American Astronomical Society Meeting Abstracts},
   volume = 228,
    month = jun,
      eid = {317.06},
    pages = {317.06},
   adsurl = {http://ads.ari.uni-heidelberg.de/abs/2016AAS...22831706R},
  adsnote = {Provided by the SAO/NASA Astrophysics Data System}
}

@misc{TerraRef,
  author       = {Willis, Craig and
                  LeBauer, David and
                  Lambert, Mike and
                  Burnette, Max},
  title        = {{TERRA-REF Analysis Workbench: Container-based 
                   Environments for Low-Barrier Access to Research
                   Data}},
  month        = may,
  year         = 2017,
  doi          = {10.5281/zenodo.580057},
  urlno          = {https://doi.org/10.5281/zenodo.580057}
}

@misc{emberjs,
  key={Ember},
  Howpublished = {\url{http://emberjs.com/}},
  Title = {{EmberJS}},
  note = {last accessed, March 2017},
  year=2017
}
    
@misc{semantic-ui,
  key={SemUI},
  howpublished = {\url{https://github.com/Semantic-Org/Semantic-UI}},
  title = {{Semantic UI}},
  year=2016,
  note = {last accessed, March 2017}
}

@misc{handlebars,
	Howpublished = {\url{http://handlebarsjs.com/}},
	Title = {{The handlebars.js templating system}},
    note = {last accessed, March 2017}
}

@misc{django,
	Howpublished = {\url{https://djangoproject.com}},
	Title = {{The Python Django Web Framework}},
    note = {last accessed, March 2017}
}

@misc{fuse,
	Howpublished = {\url{https://github.com/libfuse/libfuse}},
	Title = {{File System in Userspace (FUSE)}},
    Author = {Miklos Szeredi and others},
    year = 2005,
    note = {formerly at \url{fuse.sourceforge.net}. last accessed, March 2017}

}

@misc{sparselab,
Howpublished = {\url{http://sparselab.stanford.edu/}},
Title = {{Sparselab}},
Author = {David Donoho},
note = {last accessed, March 2017},
year=2007
}

@misc{zenodo,
key={{Zenodo}},
Howpublished = {\url{https://zenodo.org/}},
Title = {{Zenodo}},
note = {last accessed, March 2017},
year=2017,
}


@misc{mendeley,
key={{Mendeley}},
Howpublished = {\url{https://www.mendeley.com/}},
Title = {{Mendeley}},
note = {last accessed, March 2017},
year=2017
}

@misc{archR,
author = {Ben Marwick},
howpublished = {\url{https://benmarwick.github.io/How-To-Do-Archaeological-Science-Using-R/}},
title = {How to do archaeological science using {R}},
note = {last accessed, March 2017},
year = 2017
}



@misc{skope,
key = {{SKOPE}},
Howpublished = {\url{https://www.openskope.org/}},
Title = {Synthesizing Knowledge of Past Environments},
year = 2017, 
note = {last accessed, March 2017}
}


@techreport{prov-dm,
  author = {Belhajjame, Khalid and B'Far, Reza and Cheney, James and Coppens, Sam and Cresswell, Stephen and Gil, Yolanda and Groth, Paul and Klyne, Graham and Lebo, Timothy and McCusker, Jim and Miles, Simon and Myers, James and Sahoo, Satya and Tilmes, Curt},
  editor = {Moreau, Luc and Missier, Paolo},
  title = {PROV-DM: The PROV Data Model},
  url = {http://www.w3.org/TR/prov-dm/},
  note = {last accessed, March 2017},
  year = 2012
}

@INPROCEEDINGS{stodden12runmycode, 
author={V. Stodden and C. Hurlin and C. Pérignon}, 
booktitle={2012 IEEE 8th International Conference on E-Science}, 
title={RunMyCode.org: A novel dissemination and collaboration platform for executing published computational results}, 
year={2012}, 
pages={1-8}, 
doi={10.1109/eScience.2012.6404455}, 
month={Oct},}

@ARTICLE{stodden15resaerchcompendia, 
author={V. Stodden and S. Miguez and J. Seiler}, 
journal={Computing in Science Engineering}, 
title={ResearchCompendia.org: Cyberinfrastructure for Reproducibility and Collaboration in Computational Science}, 
year={2015}, 
volume={17}, 
number={1}, 
pages={12-19}, 
doi={10.1109/MCSE.2015.18}, 
ISSN={1521-9615}, 
month={Jan},}


@ARTICLE{chard14efficient, 
author={K. Chard and S. Tuecke and I. Foster}, 
journal={IEEE Cloud Computing}, 
title={Efficient and Secure Transfer, Synchronization, and Sharing of Big Data}, 
year={2014}, 
volume={1}, 
number={3}, 
pages={46-55}, 
doi={10.1109/MCC.2014.52}, 
ISSN={2325-6095}, 
month={Sept},}

@article{victoria01,
author={M. Shahram and V. Stodden and D. L. Donoho and A. Maleki and I. U. Rahman},
title={Reproducible Research in Computational Harmonic Analysis},
journal = {Computing in Science \& Engineering},
volume = {11},
number = {},
issn = {1521-9615},
year = {2009},
pages = {8-18},
doi = {10.1109/MCSE.2009.15},
publisher = {IEEE Computer Society},
address = {Los Alamitos, CA, USA},
}

@inbook{victoria02,
author = {Jon F. Claerbout and Martin Karrenbach},
title = {Electronic documents give reproducible research a new meaning},
booktitle = {SEG Technical Program Expanded Abstracts 1992},
chapter = {},
pages = {601-604},
year = {1992},
doi = {10.1190/1.1822162},
asdURL = {http://library.seg.org/doi/abs/10.1190/1.1822162},
}

@article {victoria03,
        author = {Stodden, Victoria and McNutt, Marcia and Bailey, David H. and Deelman, Ewa and Gil, Yolanda and Hanson, Brooks and Heroux, Michael A. and Ioannidis, John P.A. and Taufer, Michela},
        title = {Enhancing reproducibility for computational methods},
        volume = {354},
        number = {6317},
        pages = {1240--1241},
        year = {2016},
        doi = {10.1126/science.aah6168},
        publisher = {American Association for the Advancement of Science},
        issn = {0036-8075},
        asdURL = {http://science.sciencemag.org/content/354/6317/1240},
        asdeprint = {http://science.sciencemag.org/content/354/6317/1240.full.pdf},
        journal = {Science}
}

@article{victoria04,
  title={Software citation principles},
  author={Smith, Arfon M and Katz, Daniel S and Niemeyer, Kyle E and {FORCE11 Software Citation Working Group}},
  journal={PeerJ Computer Science},
  volume={2},
  pages={e86},
  year={2016},
  doi = {10.7717/peerj-cs.86},
  publisher={PeerJ Inc.}
}

@article{victoria05,
  title={Data citation synthesis group: Joint declaration of data citation principles},
  author={Martone, Maryann},
  journal={FORCE11},
  note = {\url{https://www.force11.org/datacitation}},
  year=2014
}

@article {victoria06,
        author = {Nosek, B. A. and Alter, G. and Banks, G. C. and Borsboom, D. and Bowman, S. D. and Breckler, S. J. and Buck, S. and Chambers, C. D. and Chin, G. and Christensen, G. and Contestabile, M. and Dafoe, A. and Eich, E. and Freese, J. and Glennerster, R. and Goroff, D. and Green, D. P. and Hesse, B. and Humphreys, M. and Ishiyama, J. and Karlan, D. and Kraut, A. and Lupia, A. and Mabry, P. and Madon, T. and Malhotra, N. and Mayo-Wilson, E. and McNutt, M. and Miguel, E. and Paluck, E. Levy and Simonsohn, U. and Soderberg, C. and Spellman, B. A. and Turitto, J. and VandenBos, G. and Vazire, S. and Wagenmakers, E. J. and Wilson, R. and Yarkoni, T.},
        title = {Promoting an open research culture},
        volume = {348},
        number = {6242},
        pages = {1422--1425},
        year = {2015},
        doi = {10.1126/science.aab2374},
        publisher = {American Association for the Advancement of Science},
        issn = {0036-8075},
        asdURL = {http://science.sciencemag.org/content/348/6242/1422},
        asdeprint = {http://science.sciencemag.org/content/348/6242/1422.full.pdf},
        journal = {Science}
}

@ARTICLE{victoria07, 
author={V. Stodden}, 
journal={Computing in Science Engineering}, 
title={The Legal Framework for Reproducible Scientific Research: Licensing and Copyright}, 
year={2009}, 
volume={11}, 
number={1}, 
pages={35-40}, 
doi={10.1109/MCSE.2009.19}, 
ISSN={1521-9615}, 
month={Jan},
}

@incollection{victoria08,
  title={Intellectual property and computational science},
  author={Stodden, Victoria},
  booktitle={Opening Science},
  pages={225--235},
  year={2014},
  publisher={Springer}
}

@misc{victoria09,
	Howpublished = {\url{https://cos.io/our-services/top-guidelines/}},
	Title = {{Transparency and Openness Promotion (TOP) Guidelines}},
        note = {last accessed, March 2017}

}

@article{victoria10,
  title={Toward reproducible computational research: an empirical analysis of data and code policy adoption by journals},
  author={Stodden, Victoria and Guo, Peixuan and Ma, Zhaokun},
  journal={PloS one},
  volume={8},
  number={6},
  pages={e67111},
  year={2013},
  publisher={Public Library of Science}
}

@misc{victoria11,
  key={MRSEC},
  Howpublished={\url{http://www.mrsec.harvard.edu/2017NSFReliability/}},
  Title = {{NSF Workshop - Systematic Approach to Robustness, Reliability, and Reproducibility in Scientific Research}},
  note = {last accessed, March 2017},
  year = 2017
}

@misc{victoria12,
author = {Francine Berman and Rob Rutenbar and Henrik Christensen and
                  Susan Davidson and Deborah Estrin and Michael
                  Franklin and Brent Hailpern and Margaret Martonosi
                  and Padma Raghavan and Victoria Stodden and Alex
                  Szalay}, 
howpublished={\url{https://www.nsf.gov/cise/ac-data-science-report/CISEACDataScienceReport1.19.17.pdf}},
    title = {Realizing the Potential of Data Science -- 
Final Report from the National Science Foundation Computer and Information Science and Engineering Advisory Committee Data Science Working Group},
    note = {last accessed, March 2017},
date = {December, 2016}
}

@misc{victoria13,
key={{ACM}},
Howpublished={\url{https://www.acm.org/publications/policies/artifact-review-badging}},
Title = {{ACM -- Artifact Review and Badging}},
note = {last accessed, March 2017},
year = 2016
}


@misc{victoria14,
author = {John Baillieul and others},
howpublished = {\url{http://www.ieee.org/publications_standards/publications/ieee_workshops/research_reproducibility.html}},
Title = {{Report on the First IEEE Workshop on The Future of Research Curation and Research Reproducibility}},
note = {last accessed, March 2017},
year=2016
}

@BOOK{NAP21896,
  author    = "{National Academies of Sciences, Engineering, and Medicine}",
  title     = "Fostering Integrity in Research",
  isbn      = "978-0-309-45875-7",
  doi       = "10.17226/21896",
  adsurl       = "https://www.nap.edu/catalog/21896/fostering-integrity-in-research",
  year      = 2017,
  publisher = "The National Academies Press",
  address   = "Washington, DC"
}

@ARTICLE{2015MNRAS.452.2822S,
   author = {{Smith}, B.~D. and {Wise}, J.~H. and {O'Shea}, B.~W. and {Norman}, M.~L. and 
	{Khochfar}, S.},
    title = "{The first Population II stars formed in externally enriched mini-haloes}",
  journal = {MNRAS},
archivePrefix = "arXiv",
   eprint = {1504.07639},
 keywords = {hydrodynamics, radiative transfer, methods: numerical, galaxies: star formation},
     year = 2015,
    month = sep,
   volume = 452,
    pages = {2822-2836},
      doi = {10.1093/mnras/stv1509},
   adsurl = {http://adsabs.harvard.edu/abs/2015MNRAS.452.2822S},
  adsnote = {Provided by the SAO/NASA Astrophysics Data System}
}

@ARTICLE{2011ApJS..192....9T,
   author = {{Turk}, M.~J. and {Smith}, B.~D. and {Oishi}, J.~S. and {Skory}, S. and 
	{Skillman}, S.~W. and {Abel}, T. and {Norman}, M.~L.},
    title = "{yt: A Multi-code Analysis Toolkit for Astrophysical Simulation Data}",
  journal = {ApJS},
archivePrefix = "arXiv",
   eprint = {1011.3514},
 primaryClass = "astro-ph.IM",
 keywords = {cosmology: theory, methods: data analysis, methods: numerical},
     year = 2011,
    month = jan,
   volume = 192,
      eid = {9},
    pages = {9},
      doi = {10.1088/0067-0049/192/1/9},
   adsurl = {http://adsabs.harvard.edu/abs/2011ApJS..192....9T},
  adsnote = {Provided by the SAO/NASA Astrophysics Data System}
}

@ARTICLE{2014ApJS..210...14K,
   author = {{Kim}, J.-h. and {Abel}, T. and {Agertz}, O. and {Bryan}, G.~L. and 
	{Ceverino}, D. and {Christensen}, C. and {Conroy}, C. and {Dekel}, A. and 
	{Gnedin}, N.~Y. and {Goldbaum}, N.~J. and {Guedes}, J. and {Hahn}, O. and 
	{Hobbs}, A. and {Hopkins}, P.~F. and {Hummels}, C.~B. and {Iannuzzi}, F. and 
	{Keres}, D. and {Klypin}, A. and {Kravtsov}, A.~V. and {Krumholz}, M.~R. and 
	{Kuhlen}, M. and {Leitner}, S.~N. and {Madau}, P. and {Mayer}, L. and 
	{Moody}, C.~E. and {Nagamine}, K. and {Norman}, M.~L. and {Onorbe}, J. and 
	{O'Shea}, B.~W. and {Pillepich}, A. and {Primack}, J.~R. and 
	{Quinn}, T. and {Read}, J.~I. and {Robertson}, B.~E. and {Rocha}, M. and 
	{Rudd}, D.~H. and {Shen}, S. and {Smith}, B.~D. and {Szalay}, A.~S. and 
	{Teyssier}, R. and {Thompson}, R. and {Todoroki}, K. and {Turk}, M.~J. and 
	{Wadsley}, J.~W. and {Wise}, J.~H. and {Zolotov}, A. and {AGORA Collaboration29},t.
	},
    title = "{The AGORA High-resolution Galaxy Simulations Comparison Project}",
  journal = {ApJS},
archivePrefix = "arXiv",
   eprint = {1308.2669},
 primaryClass = "astro-ph.GA",
 keywords = {cosmology: theory, dark matter, galaxies: formation, galaxies: evolution, hydrodynamics, methods: numerical},
     year = 2014,
    month = jan,
   volume = 210,
      eid = {14},
    pages = {14},
      doi = {10.1088/0067-0049/210/1/14},
   adsurl = {http://adsabs.harvard.edu/abs/2014ApJS..210...14K},
  adsnote = {Provided by the SAO/NASA Astrophysics Data System}
}

@misc{berlindeclaration,
key={{Berlin}},
Howpublished={\url{https://openaccess.mpg.de/Berlin-Declaration}},
Title = {Berlin Declaration on Open Access to Knowledge in the Sciences and Humanities},
note = {last accessed, March 2017},
year = 2003
}

@misc{eudat,
key={{EUDAT}},
Howpublished={\url{https://eudat.eu/}},
Title = {EUDAT},
note = {last accessed, March 2017},
year=2017
}

@misc{openaire,
key={{OpenAire}},
Howpublished={\url{https://www.openaire.eu/}},
Title = {OpenAIRE},
note = {last accessed, March 2017},
year = 2017
}

@misc{eurocloud,
key={{EuroCloud}},
Howpublished={\url{https://eurocloud.org/}},
Title = {EuroCloud},
note = {last accessed, March 2017},
year=2017
}

@misc{eu-code,
key={{ALLEA}},
Howpublished={\url{http://ec.europa.eu/research/participants/data/ref/h2020/other/hi/h2020-ethics_code-of-conduct_en.pdf}},
Title = {The European Code of Conduct for Research Integrity},
note = {ALLEA -- All European Academies},
year = 2017
}

@misc{jupyter,
	Howpublished={\url{http://jupyter.org}},
    Title = {Jupyter Notebook},
    year = {2017},
    note = {last accessed, March 2017}
}


@inproceedings{bechhofer2010research,
  title={{Research Objects}: Towards exchange and reuse of digital knowledge},
  author={Bechhofer, Sean and De Roure, David and Gamble, Matthew and Goble, Carole and Buchan, Iain},
  booktitle={Workshop on The Future of the Web for Collaborative Science},
  doi={10.1038/npre.2010.4626.1},
  noted={Available from Nature Precedings \url{http://dx.doi.org/10.1038/npre.2010.4626.1}},
  year={2010}
}

@techreport{w3c-prov-primer,
	Author = {Yolanda Gil and Simon Miles and Khalid Belhajjame and Helena Deus and Daniel Garijo and Graham Klyne and Paolo Missier and Stian Soiland-Reyes and Stephen Zednik},
	Date-Added = {2012-08-24 17:40:28 +0000},
	Date-Modified = {2012-08-24 17:59:18 +0000},
	Editor = {Yolanda Gil and Simon Miles},
	Institution = {W3C},
	Title = {PROV Model Primer},
	howpublished = {http://www.w3.org/TR/prov-primer/},
    note = {last accessed, March 2017},
	Urldate = {24 July 2012},
	Year = {2012},
	Bdsk-Url-1 = {http://www.w3.org/TR/prov-primer/}}


@article{ludascher16wt,
  author    = {Bertram Lud{\"{a}}scher and
               Kyle Chard and
               Niall Gaffney and
               Matthew B. Jones and
               Jaroslaw Nabrzyski and
               Victoria Stodden and
               Matthew Turk},
  title     = {Capturing the ``Whole Tale" of Computational Research: Reproducibility
               in Computing Environments},
  journal   = {CoRR},
  volume    = {\url{https://arxiv.org/abs/1610.09958}},
  year      = {2016},
  url       = {http://arxiv.org/abs/1610.09958},
  timestamp = {Wed, 07 Jun 2017 14:42:41 +0200},
  biburl    = {http://dblp.uni-trier.de/rec/bib/journals/corr/LudascherCGJNST16},
  bibsource = {dblp computer science bibliography, http://dblp.org}
}